@book{billingsley2013convergence,
  title={Convergence of probability measures},
  author={Billingsley, Patrick},
  year={2013},
  publisher={John Wiley \& Sons}
}

@article{rudin1991functional,
  title={Functional analysis. 1991},
  author={Rudin, Walter},
  journal={Internat. Ser. Pure Appl. Math},
  year={1991}
}
